
@article{ferey_multisensory_2009,
	title = {Multisensory {VR} interaction for protein-docking in the {CoRSAIRe} project},
	volume = {13},
	issn = {1359-4338, 1434-9957},
	url = {http://link.springer.com/article/10.1007/s10055-009-0136-z},
	doi = {10.1007/s10055-009-0136-z},
	language = {en},
	number = {4},
	urldate = {2014-09-22},
	journal = {Virtual Reality},
	author = {FÃ©rey, N. and Nelson, J. and Martin, C. and Picinali, L. and Bouyer, G. and Tek, A. and Bourdot, P. and Burkhardt, J. M. and Katz, B. F. G. and Ammi, M. and Etchebest, C. and Autin, L.},
	month = dec,
	year = {2009},
	keywords = {Artificial Intelligence (incl. Robotics), Computer Graphics, Computing Methodologies, Image Processing and Computer Vision, Multimodal rendering, Protein Docking, User-centered design, Virtual Reality},
	pages = {273--293},
}